@ARTICLE{test,
 title = {A paper title},
 AUTHOR = {A. Auther},
 JOURNAL = {Nature},
 Month = {10},
 Volume = {7},
 Pages = {123--128},
 YEAR   = {2021}
}
@book{goossens93,
    author = "Frank Mittelbach and Michel Goossens  and Johannes Braams and David Carlisle  and Chris Rowley",
    title = "The {LaTeX} Companion",
    year = "1993",
    publisher = "Addison-Wesley",
    address = "Reading, Massachusetts"
}
@ARTICLE{segl03,
        AUTHOR  = "Segletes, S. B. AND Walters, W. P.",
        TITLE = {Extensions to the Exact Solution of the Long-Rod
                 Penetration/Erosion Equations},
        JOURNAL = "IJIE",
        YEAR    = "2003",
        VOLUME  = "28",
        PAGES   = "363--376"
}
