@article{ChaiACSNano2022,
  title        = {Beyond {{Metrics}}},
  author       = {Chai, Yang and Chen, Xiaodong and Fan, Hong Jin and Lau, Shu Ping and Li, Shuzhou and Liu, Bin and Wong, Wai-Yeung and Zhao, Ni and Zheng, Zijian},
  date         = {2022-08-23},
  journaltitle = {ACS Nano},
  shortjournal = {ACS Nano},
  volume       = {16},
  number       = {8},
  pages        = {11485--11486},
  publisher    = {American Chemical Society},
  doi          = {10.1021/acsnano.2c07662},
  url          = {https://doi.org/10.1021/acsnano.2c07662}
}

@article{LoP.ChaiACSNano2022,
  title        = {Beyond {{Metrics}}},
  author       = {Chai, Yang and Chen, Xiaodong and Fan, Hong Jin and Lau, Shu Ping and Li, Shuzhou and Liu, Bin and Wong, Wai-Yeung and Zhao, Ni and Zheng, Zijian},
  author+an    = {1=highlight},
  date         = {2022-08-23},
  journaltitle = {ACS Nano},
  shortjournal = {ACS Nano},
  volume       = {16},
  number       = {8},
  pages        = {11485--11486},
  publisher    = {American Chemical Society},
  doi          = {10.1021/acsnano.2c07662},
  url          = {https://doi.org/10.1021/acsnano.2c07662}
}

@inproceedings{JehleImagingAppl.Opt.20162016Pap.IM4F22016,
  title      = {Spatial {{Light Modulators}} in {{Laser Lithography Systems}}},
  booktitle  = {Imaging and {{Applied Optics}} 2016 (2016), Paper {{IM4F}}.2},
  author     = {Jehle, Achim and Diez, Steffen},
  date       = {2016-07-25},
  pages      = {IM4F.2},
  publisher  = {Optica Publishing Group},
  doi        = {10.1364/ISA.2016.IM4F.2},
  url        = {https://opg.optica.org/abstract.cfm?uri=ISA-2016-IM4F.2},
  eventtitle = {Imaging {{Systems}} and {{Applications}}}
}

@inproceedings{LuConf.LasersElectro-Opt.2021Pap.SW3B12021,
  title      = {On-{{Chip Optical Tweezers Based}} on {{Micro-Reflectors}}},
  booktitle  = {Conference on {{Lasers}} and {{Electro-Optics}} (2021), Paper {{SW3B}}.1},
  author     = {Lu, Jinsheng and Lu, Jinsheng and Yu, Shaoliang and Ginis, Vincent and Ginis, Vincent and Kheifets, Simon and Lim, Soon Wei Daniel and Qiu, Min and Gu, Tian and Hu, Juejun and Hu, Juejun and Capasso, Federico},
  date       = {2021-05-09},
  pages      = {SW3B.1},
  publisher  = {Optica Publishing Group},
  doi        = {10.1364/CLEO_SI.2021.SW3B.1},
  url        = {https://opg.optica.org/abstract.cfm?uri=CLEO_SI-2021-SW3B.1},
  eventtitle = {{{CLEO}}: {{Science}} and {{Innovations}}}
}
